@article{bazzan2005distributed,
  title={A distributed approach for coordination of traffic signal agents},
  author={Bazzan, Ana LC},
  journal={Autonomous Agents and Multi-Agent Systems},
  volume={10},
  number={1},
  pages={131--164},
  year={2005},
  publisher={Springer}
}

@inproceedings{dresner2005traffic,
  title={Traffic intersections of the future},
  author={Dresner, Kurt and Stone, Peter},
  booktitle={Proceedings of the National Conference on Artificial Intelligence},
  volume={21},
  number={2},
  pages={1593},
  year={2005},
  organization={Menlo Park, CA; Cambridge, MA; London; AAAI Press; MIT Press; 1999}
}

@inproceedings{dresner2007sharing,
  title={Sharing the Road: Autonomous Vehicles Meet Human Drivers.},
  author={Dresner, Kurt M and Stone, Peter},
  booktitle={International Joint Conferences on Artificial Intelligence},
  volume={7},
  pages={1263--1268},
  year={2007}
}

@article{grimm2006standard,
  title={A standard protocol for describing individual-based and agent-based models},
  author={Grimm, Volker and Berger, Uta and Bastiansen, Finn and Eliassen, Sigrunn and Ginot, Vincent and Giske, Jarl and Goss-Custard, John and Grand, Tamara and Heinz, Simone K and Huse, Geir and others},
  journal={Ecological modelling},
  volume={198},
  number={1},
  pages={115--126},
  year={2006},
  publisher={Elsevier}
}

@article{grimm2010odd,
  title={The ODD protocol: a review and first update},
  author={Grimm, Volker and Berger, Uta and DeAngelis, Donald L and Polhill, J Gary and Giske, Jarl and Railsback, Steven F},
  journal={Ecological modelling},
  volume={221},
  number={23},
  pages={2760--2768},
  year={2010},
  publisher={Elsevier}
}

@article{halle2005collaborative,
  title={A collaborative driving system based on multiagent modelling and simulations},
  author={Hall{\'e}, Simon and Chaib-draa, Brahim},
  journal={Transportation Research Part C: Emerging Technologies},
  volume={13},
  number={4},
  pages={320--345},
  year={2005},
  publisher={Elsevier}
}

@inproceedings{jiang2010microscopic,
  title={Microscopic simulation for virtual worlds with self-driving avatars},
  author={Jiang, Tian and Miska, Marc and Kuwahara, Masao and Nakasone, Arturo and Prendinger, Helmut},
  booktitle={Intelligent Transportation Systems (ITSC), 2010 13th International IEEE Conference on},
  pages={1319--1323},
  year={2010},
  organization={IEEE}
}

@inproceedings{miska2011opentraffic,
  title={Opentraffic-an open source platform for traffic simulation},
  author={Miska, Marc and Santos, Edgar and Chung, Edward and Prendinger, Helmut},
  booktitle={Proceedings of the Australasian Transport Research Forum 2011},
  pages={28--30},
  year={2011}
}

@article{muller2013describing,
  title={Describing human decisions in agent-based models--ODD+ D, an extension of the ODD protocol},
  author={M{\"u}ller, Birgit and Bohn, Friedrich and Dre{\ss}ler, Gunnar and Groeneveld, J{\"u}rgen and Klassert, Christian and Martin, Romina and Schl{\"u}ter, Maja and Schulze, Jule and Weise, Hanna and Schwarz, Nina},
  journal={Environmental Modelling \& Software},
  volume={48},
  pages={37--48},
  year={2013},
  publisher={Elsevier}
}

@inproceedings{paruchuri2002multi,
  title={Multi agent simulation of unorganized traffic},
  author={Paruchuri, Praveen and Pullalarevu, Alok Reddy and Karlapalem, Kamalakar},
  booktitle={Proceedings of the first international joint conference on Autonomous agents and multiagent systems: part 1},
  pages={176--183},
  year={2002},
  organization={ACM}
}

@article{sugiyama2008traffic,
  title={Traffic jams without bottlenecksâ€”experimental evidence for the physical mechanism of the formation of a jam},
  author={Sugiyama, Yuki and Fukui, Minoru and Kikuchi, Macoto and Hasebe, Katsuya and Nakayama, Akihiro and Nishinari, Katsuhiro and Tadaki, Shin-ichi and Yukawa, Satoshi},
  journal={New Journal of Physics},
  volume={10},
  number={3},
  pages={033001},
  year={2008},
  publisher={IOP Publishing}
}

@misc{catto2011box2d,
  title={Box2d: A 2d physics engine for games},
  author={Catto, Erin},
  year={2011},
  url={http://ww.box2d.org/}
}