@online{honda,
author        = {Sage, Alexandria},
editor        = {Von Ahn, Lisa},
title         = {Honda gets California approval for self-driving cars on roads},
date          = {2015-09-11},
organization  = {Reuters},
url           = {http://www.reuters.com/article/2015/09/10/us-honda-autos-self-driving-idUSKCN0RA2G820150910}
}

@inproceedings{jiang2010microscopic,
  title={Microscopic simulation for virtual worlds with self-driving avatars},
  author={Jiang, Tian and Miska, Marc and Kuwahara, Masao and Nakasone, Arturo and Prendinger, Helmut},
  booktitle={Intelligent Transportation Systems (ITSC), 2010 13th International IEEE Conference on},
  pages={1319--1323},
  year={2010},
  organization={IEEE}
}

@inproceedings{paruchuri2002multi,
  title={Multi agent simulation of unorganized traffic},
  author={Paruchuri, Praveen and Pullalarevu, Alok Reddy and Karlapalem, Kamalakar},
  booktitle={Proceedings of the first international joint conference on Autonomous agents and multiagent systems: part 1},
  pages={176--183},
  year={2002},
  organization={ACM}
}